%% This BibTeX bibliography file was created using BibDesk.
%% http://bibdesk.sourceforge.net/

%% Created for Ethan Kang at 2019-03-29 19:14:03 +0100 


%% Saved with string encoding Unicode (UTF-8) 



@article{Wang2018WeaklySupervisedSS,
	Author = {Xiang Wang and Shaodi You and Xi Li and Huimin Ma},
	Date-Added = {2019-03-29 19:04:30 +0100},
	Date-Modified = {2019-03-29 19:04:30 +0100},
	Journal = {2018 IEEE/CVF Conference on Computer Vision and Pattern Recognition},
	Pages = {1354-1362},
	Title = {Weakly-Supervised Semantic Segmentation by Iteratively Mining Common Object Features},
	Year = {2018}}

@inproceedings{Ronneberger2015UNetCN,
	Author = {Olaf Ronneberger and Philipp Fischer and Thomas Brox},
	Booktitle = {MICCAI},
	Date-Added = {2019-03-29 19:03:51 +0100},
	Date-Modified = {2019-03-29 19:03:51 +0100},
	Title = {U-Net: Convolutional Networks for Biomedical Image Segmentation},
	Year = {2015}}

@article{2016arXiv160605718W,
	Adsnote = {Provided by the SAO/NASA Astrophysics Data System},
	Adsurl = {https://ui.adsabs.harvard.edu/\#abs/2016arXiv160605718W},
	Archiveprefix = {arXiv},
	Author = {{Wang}, Dayong and {Khosla}, Aditya and {Gargeya}, Rishab and {Irshad}, Humayun and {Beck}, Andrew H.},
	Date-Added = {2019-03-29 18:46:11 +0100},
	Date-Modified = {2019-03-29 18:46:11 +0100},
	Eid = {arXiv:1606.05718},
	Eprint = {1606.05718},
	Journal = {arXiv e-prints},
	Keywords = {Quantitative Biology - Quantitative Methods, Computer Science - Computer Vision and Pattern Recognition},
	Month = {Jun},
	Pages = {arXiv:1606.05718},
	Primaryclass = {q-bio.QM},
	Title = {{Deep Learning for Identifying Metastatic Breast Cancer}},
	Year = {2016}}

@article{Szegedy2015GoingDW,
	Author = {Christian Szegedy and Wei Liu and Yangqing Jia and Pierre Sermanet and Scott E. Reed and Dragomir Anguelov and Dumitru Erhan and Vincent Vanhoucke and Andrew Rabinovich},
	Date-Added = {2019-03-29 18:45:01 +0100},
	Date-Modified = {2019-03-29 18:45:01 +0100},
	Journal = {2015 IEEE Conference on Computer Vision and Pattern Recognition (CVPR)},
	Pages = {1-9},
	Title = {Going deeper with convolutions},
	Year = {2015}}

@article{Liu2017DetectingCM,
	Author = {Yun Liu and Krishna Gadepalli and Mohammad Norouzi and George E. Dahl and Timo Kohlberger and Aleksey Boyko and Subhashini Venugopalan and Aleksei Timofeev and Philip Q. Nelson and Gregory S. Corrado and Jason D. Hipp and Lily H. Peng and Martin C. Stumpe},
	Date-Added = {2019-03-29 18:43:19 +0100},
	Date-Modified = {2019-03-29 18:43:19 +0100},
	Journal = {CoRR},
	Title = {Detecting Cancer Metastases on Gigapixel Pathology Images},
	Volume = {abs/1703.02442},
	Year = {2017}}
